@article{aarseth1999nbody1,
  title={From NBODY1 to NBODY6: The growth of an industry},
  author={Aarseth, Sverre J},
  journal={Publications of the Astronomical Society of the Pacific},
  volume={111},
  number={765},
  pages={1333},
  year={1999},
  publisher={IOP Publishing}
}

@article{hillenbrand1998preliminary,
  title={A preliminary study of the Orion Nebula Cluster structure and dynamics},
  author={Hillenbrand, Lynne A and Hartmann, Lee W},
  journal={The Astrophysical Journal},
  volume={492},
  number={2},
  pages={540},
  year={1998},
  publisher={IOP Publishing}
}

@article{de2002mass,
  title={Mass segregation in young compact star clusters in the Large Magellanic Cloudâ€”II. Mass functions},
  author={De Grijs, R and Gilmore, GF and Johnson, RA and Mackey, AD},
  journal={Monthly Notices of the Royal Astronomical Society},
  volume={331},
  number={1},
  pages={245--258},
  year={2002},
  publisher={Blackwell Science, Ltd Oxford, UK}
}

@book{hut1986use,
  title={Use of Supercomputers in Stellar Dynamics},
  author={Hut, Piet and McMillan, SL},
  year={1986},
  publisher={Springer-Verlag New York, Inc.}
}

@misc{heggie2003gravitational,
  title={The gravitational million-body problem: a multidisciplinary approach to star cluster dynamics},
  author={Heggie, Douglas and Hut, Piet},
  year={2003},
  publisher={IOP Publishing}
}

@misc{hut2007art,
  title={The Art of Computational Science: The Maya Open Lab Development Series, Vol. 1},
  author={Hut, P and Makino, J},
  year={2007}
}

@misc{olver1965handbook,
  title={Handbook of Mathematical Functions ed M Abramowitz and IA Stegun},
  author={Olver, FWJ},
  year={1965},
  publisher={New York: Dover) p}
}

